@article{burdakob_2019,
  doi       = {10.4208/jcm.1911-m2019-0171},
  url       = {https://doi.org/10.4208%2Fjcm.1911-m2019-0171},
  year      = 2019,
  month     = {jun},
  publisher = {Global Science Press},
  volume    = {37},
  number    = {6},
  pages     = {916-936},
  author    = {Oleg, Burdakov},
  title     = {Stabilized Barzilai-Borwein Method},
  journal   = {JCM}
}
@incollection{Fletcher_2005,
  title     = {On the barzilai-borwein method},
  author    = {Fletcher, Roger},
  booktitle = {Optimization and control with applications},
  pages     = {235-256},
  year      = {2005},
  url       = {https://doi.org/10.1007/0-387-24255-4_10},
  publisher = {Springer}
}
@article{raydan_1997,
  title     = {The Barzilai and Borwein gradient method for the large scale unconstrained minimization problem},
  author    = {Raydan, Marcos},
  journal   = {SIAM Journal on Optimization},
  volume    = {7},
  number    = {1},
  pages     = {26-33},
  year      = {1997},
  url       = {https://doi.org/10.1137/S1052623494266365},
  publisher = {SIAM}
}
@article{dai_2005,
  title     = {Projected Barzilai-Borwein methods for large-scale box-constrained quadratic programming},
  author    = {Dai, Yu-Hong and Fletcher, Roger},
  journal   = {Numerische Mathematik},
  volume    = {100},
  number    = {1},
  pages     = {21-47},
  url       = {https://doi.org/10.1007/s00211-004-0569-y},
  year      = {2005},
  publisher = {Springer}
}
@article{huang_2022,
  title     = {On the asymptotic convergence and acceleration of gradient methods},
  author    = {Huang, Yakui and Dai, Yu-Hong and Liu, Xin-Wei and Zhang, Hongchao},
  journal   = {Journal of Scientific Computing},
  volume    = {90},
  number    = {1},
  pages     = {1--29},
  url       = {https://doi.org/10.48550/arXiv.1908.07111},
  year      = {2022},
  publisher = {Springer}
}
@article{barzilai_1988,
  author  = {Barzilai, Jonathan and Borwein, Jonathan M.},
  title   = {{Two-Point Step Size Gradient Methods}},
  journal = {IMA Journal of Numerical Analysis},
  volume  = {8},
  number  = {1},
  pages   = {141-148},
  year    = {1988},
  month   = {01},
  issn    = {0272-4979},
  doi     = {10.1093/imanum/8.1.141},
  url     = {https://doi.org/10.1093/imanum/8.1.141},
  eprint  = {https://academic.oup.com/imajna/article-pdf/8/1/141/2402762/8-1-141.pdf}
}
@article{raydan_1993,
  title     = {On the Barzilai and Borwein choice of steplength for the gradient method},
  author    = {Raydan, Marcos},
  journal   = {IMA Journal of Numerical Analysis},
  volume    = {13},
  number    = {3},
  pages     = {321-326},
  year      = {1993},
  publisher = {Oxford University Press}
}
